|j|☆AegisDraft
|j|☆TheLegendLemarcus
|html|<table width="100%"><tr><td align="left">AegisDraft</td><td align="right">TheLegendLemarcus</tr><tr><td align="left"><i class="fa fa-circle-o"></i> <i class="fa fa-circle-o"></i> </td><td align="right"><i class="fa fa-circle-o"></i> <i class="fa fa-circle-o"></i> </tr></table>
|uhtml|bestof|<h2><strong>Game 1</strong> of <a href="/game-bestof3-gen9vgc2025regh-309178">a best-of-3</a></h2>
|t:|1779666381
|gametype|doubles
|player|p1|AegisDraft|winona|
|player|p2|TheLegendLemarcus|2|
|gen|9
|tier|[Gen 9] VGC 2025 Reg H
|rule|Species Clause: Limit one of each Pokémon
|rule|Item Clause: Limit 1 of each item
|raw|<div class="infobox"><details class="readmore" open><summary><strong>1 custom rule:</strong></summary> Best of = 3</details></div>
|clearpoke
|poke|p1|Rillaboom, L50, F|
|poke|p1|Wyrdeer, L50, M|
|poke|p1|Clefable, L50, F|
|poke|p1|Blaziken, L50, F|
|poke|p1|Kingambit, L50, F|
|poke|p1|Hitmonlee, L50, M|
|poke|p2|Slaking, L50, F|
|poke|p2|Weezing-Galar, L50, M|
|poke|p2|Talonflame, L50, F|
|poke|p2|Empoleon, L50, F|
|poke|p2|Annihilape, L50, F|
|poke|p2|Raichu, L50, M|
|teampreview|4
TheLegendLemarcus rejected open team sheets.
AegisDraft rejected open team sheets.
|j| DammyPlaysYT
|c| DammyPlaysYT|big match
|
|t:|1779666498
|teamsize|p1|4
|teamsize|p2|4
|start
|switch|p1a: Wyrdeer|Wyrdeer, L50, M|100/100
|switch|p1b: Rillaboom|Rillaboom, L50, F, shiny|100/100
|switch|p2a: Dr Flame|Talonflame, L50, F|100/100
|switch|p2b: It's up to me|Slaking, L50, F|100/100
|-fieldstart|move: Grassy Terrain|[from] ability: Grassy Surge|[of] p1b: Rillaboom
|-ability|p1a: Wyrdeer|Intimidate|boost
|-unboost|p2a: Dr Flame|atk|1
|-unboost|p2b: It's up to me|atk|1
|turn|1
|
|t:|1779666532
|switch|p2b: It's up to you|Weezing-Galar, L50, M|100/100
|-ability|p2b: It's up to you|Neutralizing Gas
|move|p1b: Rillaboom|Fake Out|p2a: Dr Flame
|-damage|p2a: Dr Flame|84/100
|move|p2a: Dr Flame|Brave Bird|p1b: Rillaboom
|-supereffective|p1b: Rillaboom
|-damage|p1b: Rillaboom|49/100
|-damage|p2a: Dr Flame|68/100|[from] Recoil
|move|p1a: Wyrdeer|Reflect|p1a: Wyrdeer
|-sidestart|p1: AegisDraft|Reflect
|
|-heal|p1b: Rillaboom|55/100|[from] Grassy Terrain
|upkeep
|turn|2
|
|t:|1779666569
|move|p2b: It's up to you|Protect|p2b: It's up to you
|-singleturn|p2b: It's up to you|Protect
|move|p2a: Dr Flame|Tailwind|p2a: Dr Flame
|-sidestart|p2: TheLegendLemarcus|move: Tailwind
|move|p1b: Rillaboom|High Horsepower|p2b: It's up to you
|-activate|p2b: It's up to you|move: Protect
|move|p1a: Wyrdeer|Future Sight|p2a: Dr Flame
|-start|p1a: Wyrdeer|move: Future Sight
|
|-heal|p1b: Rillaboom|60/100|[from] Grassy Terrain
|upkeep
|turn|3
|
|t:|1779666589
|switch|p2a: Juice Wrld|Empoleon, L50, F|100/100
|-end|p2b: It's up to you|ability: Neutralizing Gas
|-ability|p1a: Wyrdeer|Intimidate|boost
|-unboost|p2a: Juice Wrld|atk|1
|-ability|p2a: Juice Wrld|Competitive|boost
|-boost|p2a: Juice Wrld|spa|2
|-unboost|p2b: It's up to you|atk|1
|switch|p2b: It's up to me|Slaking, L50, F|100/100
|move|p1b: Rillaboom|High Horsepower|p2b: It's up to me
|-damage|p2b: It's up to me|75/100
|move|p1a: Wyrdeer|High Horsepower|p2b: It's up to me
|-damage|p2b: It's up to me|56/100
|
|-heal|p2b: It's up to me|63/100|[from] Grassy Terrain
|-heal|p1b: Rillaboom|66/100|[from] Grassy Terrain
|upkeep
|turn|4
|j| swoobatfan2001
|
|t:|1779666623
|switch|p1b: Kingambit|Kingambit, L50, F|100/100
|move|p2b: It's up to me|Knock Off|p1a: Wyrdeer
|-supereffective|p1a: Wyrdeer
|-crit|p1a: Wyrdeer
|-damage|p1a: Wyrdeer|0 fnt
|-enditem|p1a: Wyrdeer|Aguav Berry|[from] move: Knock Off|[of] p2b: It's up to me
|faint|p1a: Wyrdeer
|-damage|p2b: It's up to me|53/100|[from] item: Life Orb
|move|p2a: Juice Wrld|Ice Beam|p1b: Kingambit
|-resisted|p1b: Kingambit
|-damage|p1b: Kingambit|69/100
|
|-end|p2a: Juice Wrld|move: Future Sight
|-resisted|p2a: Juice Wrld
|-damage|p2a: Juice Wrld|87/100
|-heal|p2b: It's up to me|59/100|[from] Grassy Terrain
|-heal|p2a: Juice Wrld|93/100|[from] Grassy Terrain
|-heal|p1b: Kingambit|75/100|[from] Grassy Terrain
|upkeep
|
|t:|1779666634
|switch|p1a: Rillaboom|Rillaboom, L50, F, shiny|66/100
|turn|5
|
|t:|1779666709
|move|p1a: Rillaboom|Fake Out|p2a: Juice Wrld
|-resisted|p2a: Juice Wrld
|-damage|p2a: Juice Wrld|86/100
|cant|p2b: It's up to me|ability: Truant
|cant|p2a: Juice Wrld|flinch
|move|p1b: Kingambit|Swords Dance|p1b: Kingambit
|-boost|p1b: Kingambit|atk|2
|
|-heal|p2b: It's up to me|65/100|[from] Grassy Terrain
|-heal|p2a: Juice Wrld|92/100|[from] Grassy Terrain
|-heal|p1a: Rillaboom|72/100|[from] Grassy Terrain
|-heal|p1b: Kingambit|81/100|[from] Grassy Terrain
|-sideend|p1: AegisDraft|Reflect
|-sideend|p2: TheLegendLemarcus|move: Tailwind
|-fieldend|move: Grassy Terrain
|upkeep
|turn|6
|
|t:|1779666728
|switch|p1a: Blaziken|Blaziken, L50, F|100/100
|move|p1b: Kingambit|Sucker Punch|p2b: It's up to me
|-damage|p2b: It's up to me|0 fnt
|faint|p2b: It's up to me
|move|p2a: Juice Wrld|Ice Beam|p1a: Blaziken
|-resisted|p1a: Blaziken
|-damage|p1a: Blaziken|51/100
|
|upkeep
|
|t:|1779666738
|switch|p2b: Dr Flame|Talonflame, L50, F|68/100
|turn|7
|
|t:|1779666787
|-terastallize|p1b: Kingambit|Dark
|move|p1a: Blaziken|Protect|p1a: Blaziken
|-singleturn|p1a: Blaziken|Protect
|move|p1b: Kingambit|Sucker Punch|p2a: Juice Wrld
|-damage|p2a: Juice Wrld|0 fnt
|faint|p2a: Juice Wrld
|move|p2b: Dr Flame|Will-O-Wisp|p1b: Kingambit
|-status|p1b: Kingambit|brn
|
|-damage|p1b: Kingambit|75/100 brn|[from] brn
|-ability|p1a: Blaziken|Speed Boost|boost
|-boost|p1a: Blaziken|spe|1
|upkeep
|
|t:|1779666799
|switch|p2a: It's up to you|Weezing-Galar, L50, M|100/100
|-ability|p2a: It's up to you|Neutralizing Gas
|turn|8
|
|t:|1779666831
|move|p1b: Kingambit|Sucker Punch|p2b: Dr Flame
|-damage|p2b: Dr Flame|0 fnt
|faint|p2b: Dr Flame
|move|p1a: Blaziken|Swords Dance|p1a: Blaziken
|-boost|p1a: Blaziken|atk|2
|move|p2a: It's up to you|Strange Steam|p1b: Kingambit
|-supereffective|p1b: Kingambit
|-damage|p1b: Kingambit|17/100 brn
|
|-damage|p1b: Kingambit|11/100 brn|[from] brn
|upkeep
|turn|9
|
|t:|1779666848
|move|p1b: Kingambit|Sucker Punch|p2a: It's up to you
|-resisted|p2a: It's up to you
|-damage|p2a: It's up to you|80/100
|move|p1a: Blaziken|Flare Blitz|p2a: It's up to you
|-damage|p2a: It's up to you|0 fnt
|faint|p2a: It's up to you
|-end|p2a: It's up to you|ability: Neutralizing Gas
|-damage|p1a: Blaziken|22/100|[from] Recoil
|-damage|p1a: Blaziken|13/100|[from] item: Life Orb
|
|win|AegisDraft
||TheLegendLemarcus is ready for game 2.
|inactive|AegisDraft has 30 seconds to confirm battle start!
