|j|☆AegisDraft
|j|☆TheLegendLemarcus
|html|<table width="100%"><tr><td align="left">AegisDraft</td><td align="right">TheLegendLemarcus</tr><tr><td align="left"><i class="fa fa-circle"></i> <i class="fa fa-circle-o"></i> </td><td align="right"><i class="fa fa-circle-o"></i> <i class="fa fa-circle"></i> </tr></table>
|uhtml|bestof|<h2><strong>Game 3</strong> of <a href="/game-bestof3-gen9vgc2025regh-309178">a best-of-3</a></h2>
|t:|1779667549
|gametype|doubles
|player|p1|AegisDraft|winona|
|player|p2|TheLegendLemarcus|2|
|gen|9
|tier|[Gen 9] VGC 2025 Reg H
|rule|Species Clause: Limit one of each Pokémon
|rule|Item Clause: Limit 1 of each item
|raw|<div class="infobox"><details class="readmore" open><summary><strong>1 custom rule:</strong></summary> Best of = 3</details></div>
|clearpoke
|poke|p1|Rillaboom, L50, F|
|poke|p1|Wyrdeer, L50, M|
|poke|p1|Clefable, L50, M|
|poke|p1|Blaziken, L50, M|
|poke|p1|Kingambit, L50, F|
|poke|p1|Hitmonlee, L50, M|
|poke|p2|Slaking, L50, F|
|poke|p2|Weezing-Galar, L50, F|
|poke|p2|Talonflame, L50, M|
|poke|p2|Empoleon, L50, M|
|poke|p2|Annihilape, L50, F|
|poke|p2|Raichu, L50, M|
|teampreview|4
|j| swoobatfan2001
AegisDraft rejected open team sheets.
|
|t:|1779667631
|teamsize|p1|4
|teamsize|p2|4
|start
|switch|p1a: Wyrdeer|Wyrdeer, L50, M|100/100
|switch|p1b: Blaziken|Blaziken, L50, M|100/100
|switch|p2a: Rocky Balboa|Annihilape, L50, F|100/100
|switch|p2b: Juice Wrld|Empoleon, L50, M|100/100
|-ability|p1a: Wyrdeer|Intimidate|boost
|-unboost|p2a: Rocky Balboa|atk|1
|-ability|p2a: Rocky Balboa|Defiant|boost
|-boost|p2a: Rocky Balboa|atk|2
|-unboost|p2b: Juice Wrld|atk|1
|-ability|p2b: Juice Wrld|Competitive|boost
|-boost|p2b: Juice Wrld|spa|2
|turn|1
|j| DammyPlaysYT
|
|t:|1779667732
|-terastallize|p2b: Juice Wrld|Grass
|move|p1b: Blaziken|Protect|p1b: Blaziken
|-singleturn|p1b: Blaziken|Protect
|move|p2a: Rocky Balboa|Protect|p2a: Rocky Balboa
|-singleturn|p2a: Rocky Balboa|Protect
|move|p1a: Wyrdeer|High Horsepower|p2a: Rocky Balboa
|-activate|p2a: Rocky Balboa|move: Protect
|move|p2b: Juice Wrld|Hydro Pump|p1b: Blaziken
|-activate|p1b: Blaziken|move: Protect
|
|-ability|p1b: Blaziken|Speed Boost|boost
|-boost|p1b: Blaziken|spe|1
|upkeep
|turn|2
|
|t:|1779667829
|move|p1b: Blaziken|Flare Blitz|p2b: Juice Wrld
|-supereffective|p2b: Juice Wrld
|-damage|p2b: Juice Wrld|0 fnt
|faint|p2b: Juice Wrld
|-damage|p1b: Blaziken|60/100|[from] Recoil
|-damage|p1b: Blaziken|50/100|[from] item: Life Orb
|move|p2a: Rocky Balboa|Rage Fist|p1b: Blaziken
|-damage|p1b: Blaziken|4/100
|move|p1a: Wyrdeer|Future Sight|p2a: Rocky Balboa
|-start|p1a: Wyrdeer|move: Future Sight
|
|-ability|p1b: Blaziken|Speed Boost|boost
|-boost|p1b: Blaziken|spe|1
|upkeep
|
|t:|1779667842
|switch|p2b: Mr R|Raichu, L50, M|100/100
|turn|3
|
|t:|1779667884
|move|p1b: Blaziken|Protect|p1b: Blaziken
|-singleturn|p1b: Blaziken|Protect
|move|p2b: Mr R|Fake Out|p1a: Wyrdeer
|-damage|p1a: Wyrdeer|91/100
|move|p2a: Rocky Balboa|Bulk Up|p2a: Rocky Balboa
|-boost|p2a: Rocky Balboa|atk|1
|-boost|p2a: Rocky Balboa|def|1
|cant|p1a: Wyrdeer|flinch
|
|-ability|p1b: Blaziken|Speed Boost|boost
|-boost|p1b: Blaziken|spe|1
|upkeep
|turn|4
|
|t:|1779667908
|move|p2a: Rocky Balboa|Protect|p2a: Rocky Balboa
|-singleturn|p2a: Rocky Balboa|Protect
|move|p1b: Blaziken|Flare Blitz|p2a: Rocky Balboa
|-activate|p2a: Rocky Balboa|move: Protect
|move|p2b: Mr R|Nuzzle|p1b: Blaziken
|-crit|p1b: Blaziken
|-damage|p1b: Blaziken|0 fnt
|faint|p1b: Blaziken
|move|p1a: Wyrdeer|High Horsepower|p2b: Mr R
|-supereffective|p2b: Mr R
|-damage|p2b: Mr R|9/100
|
|-end|p2a: Rocky Balboa|move: Future Sight
|-supereffective|p2a: Rocky Balboa
|-damage|p2a: Rocky Balboa|44/100
|-heal|p2a: Rocky Balboa|50/100|[from] item: Leftovers
|upkeep
|
|t:|1779667958
|switch|p1b: Clefable|Clefable, L50, M|100/100
|turn|5
|
|t:|1779667998
|move|p1b: Clefable|Follow Me|p1b: Clefable
|-singleturn|p1b: Clefable|move: Follow Me
|move|p2b: Mr R|Nuzzle|p1b: Clefable
|-damage|p1b: Clefable|96/100
|-status|p1b: Clefable|par
|move|p2a: Rocky Balboa|Rage Fist|p1b: Clefable
|-damage|p1b: Clefable|60/100 par
|move|p1a: Wyrdeer|Future Sight|p2a: Rocky Balboa
|-start|p1a: Wyrdeer|move: Future Sight
|
|-heal|p2a: Rocky Balboa|56/100|[from] item: Leftovers
|-heal|p1b: Clefable|66/100 par|[from] item: Leftovers
|upkeep
|turn|6
|
|t:|1779668047
|move|p2b: Mr R|Nuzzle|p1a: Wyrdeer
|-damage|p1a: Wyrdeer|84/100
|-status|p1a: Wyrdeer|par
|move|p2a: Rocky Balboa|Drain Punch|p1a: Wyrdeer
|-damage|p1a: Wyrdeer|11/100 par
|-heal|p2a: Rocky Balboa|92/100|[from] drain|[of] p1a: Wyrdeer
|-enditem|p1a: Wyrdeer|Aguav Berry|[eat]
|-heal|p1a: Wyrdeer|45/100 par|[from] item: Aguav Berry
|cant|p1a: Wyrdeer|par
|move|p1b: Clefable|Moonlight|p1b: Clefable
|-heal|p1b: Clefable|100/100 par
|
|-heal|p2a: Rocky Balboa|98/100|[from] item: Leftovers
|upkeep
|turn|7
|
|t:|1779668066
|move|p1b: Clefable|Follow Me|p1b: Clefable
|-singleturn|p1b: Clefable|move: Follow Me
|move|p2b: Mr R|Volt Switch|p1b: Clefable
|-damage|p1b: Clefable|74/100 par
|
|t:|1779668072
|switch|p2b: Dr Flame|Talonflame, L50, M|100/100|[from] Volt Switch
|move|p2a: Rocky Balboa|Bulk Up|p2a: Rocky Balboa
|-boost|p2a: Rocky Balboa|atk|1
|-boost|p2a: Rocky Balboa|def|1
|move|p1a: Wyrdeer|Reflect|p1a: Wyrdeer
|-sidestart|p1: AegisDraft|Reflect
|
|-end|p2a: Rocky Balboa|move: Future Sight
|-supereffective|p2a: Rocky Balboa
|-damage|p2a: Rocky Balboa|42/100
|-heal|p2a: Rocky Balboa|48/100|[from] item: Leftovers
|-heal|p1b: Clefable|80/100 par|[from] item: Leftovers
|upkeep
|turn|8
|
|t:|1779668094
|move|p2a: Rocky Balboa|Protect|p2a: Rocky Balboa
|-singleturn|p2a: Rocky Balboa|Protect
|move|p2b: Dr Flame|Taunt|p1b: Clefable
|-start|p1b: Clefable|move: Taunt
|move|p1a: Wyrdeer|Future Sight|p2b: Dr Flame
|-start|p1a: Wyrdeer|move: Future Sight
|cant|p1b: Clefable|par
|
|-heal|p2a: Rocky Balboa|54/100|[from] item: Leftovers
|-heal|p1b: Clefable|86/100 par|[from] item: Leftovers
|upkeep
|turn|9
|
|t:|1779668113
|move|p2b: Dr Flame|Tailwind|p2b: Dr Flame
|-sidestart|p2: TheLegendLemarcus|move: Tailwind
|move|p2a: Rocky Balboa|Drain Punch|p1a: Wyrdeer
|-damage|p1a: Wyrdeer|0 fnt
|-heal|p2a: Rocky Balboa|76/100|[from] drain|[of] p1a: Wyrdeer
|faint|p1a: Wyrdeer
|cant|p1b: Clefable|par
|
|-heal|p2a: Rocky Balboa|82/100|[from] item: Leftovers
|-heal|p1b: Clefable|92/100 par|[from] item: Leftovers
|upkeep
|
|t:|1779668120
|switch|p1a: Kingambit|Kingambit, L50, F|100/100
|turn|10
|
|t:|1779668162
|move|p1a: Kingambit|Protect|p1a: Kingambit
|-singleturn|p1a: Kingambit|Protect
|move|p2b: Dr Flame|Will-O-Wisp|p1a: Kingambit
|-activate|p1a: Kingambit|move: Protect
|move|p2a: Rocky Balboa|Bulk Up|p2a: Rocky Balboa
|-boost|p2a: Rocky Balboa|atk|1
|-boost|p2a: Rocky Balboa|def|1
|move|p1b: Clefable|Moonblast|p2a: Rocky Balboa
|-supereffective|p2a: Rocky Balboa
|-damage|p2a: Rocky Balboa|40/100
|-unboost|p2a: Rocky Balboa|spa|1
|-ability|p2a: Rocky Balboa|Defiant|boost
|-boost|p2a: Rocky Balboa|atk|2
|
|-end|p2b: Dr Flame|move: Future Sight
|-damage|p2b: Dr Flame|53/100
|-heal|p2a: Rocky Balboa|46/100|[from] item: Leftovers
|-heal|p1b: Clefable|98/100 par|[from] item: Leftovers
|-end|p1b: Clefable|move: Taunt
|upkeep
|turn|11
|
|t:|1779668205
|-terastallize|p1a: Kingambit|Dark
|move|p2a: Rocky Balboa|Protect|p2a: Rocky Balboa
|-singleturn|p2a: Rocky Balboa|Protect
|move|p1b: Clefable|Follow Me|p1b: Clefable
|-singleturn|p1b: Clefable|move: Follow Me
|move|p2b: Dr Flame|Taunt|p1b: Clefable
|-start|p1b: Clefable|move: Taunt
|move|p1a: Kingambit|Swords Dance|p1a: Kingambit
|-boost|p1a: Kingambit|atk|2
|
|-heal|p2a: Rocky Balboa|52/100|[from] item: Leftovers
|-heal|p1b: Clefable|100/100 par|[from] item: Leftovers
|-sideend|p1: AegisDraft|Reflect
|upkeep
|turn|12
|
|t:|1779668231
|move|p1a: Kingambit|Protect|p1a: Kingambit
|-singleturn|p1a: Kingambit|Protect
|move|p2b: Dr Flame|Will-O-Wisp|p1a: Kingambit
|-activate|p1a: Kingambit|move: Protect
|move|p2a: Rocky Balboa|Bulk Up|p2a: Rocky Balboa
|-boost|p2a: Rocky Balboa|atk|0
|-boost|p2a: Rocky Balboa|def|1
|cant|p1b: Clefable|par
|
|-heal|p2a: Rocky Balboa|58/100|[from] item: Leftovers
|-sideend|p2: TheLegendLemarcus|move: Tailwind
|upkeep
|turn|13
|
|t:|1779668282
|move|p2b: Dr Flame|Will-O-Wisp|p1a: Kingambit
|-status|p1a: Kingambit|brn
|move|p2a: Rocky Balboa|Drain Punch|p1a: Kingambit
|-supereffective|p1a: Kingambit
|-enditem|p1a: Kingambit|Chople Berry|[eat]
|-enditem|p1a: Kingambit|Chople Berry|[weaken]
|-damage|p1a: Kingambit|12/100 brn
|-heal|p2a: Rocky Balboa|99/100|[from] drain|[of] p1a: Kingambit
|move|p1a: Kingambit|Iron Head|p2b: Dr Flame
|-resisted|p2b: Dr Flame
|-damage|p2b: Dr Flame|25/100
|move|p1b: Clefable|Moonblast|p2a: Rocky Balboa
|-supereffective|p2a: Rocky Balboa
|-damage|p2a: Rocky Balboa|55/100
|
|-heal|p2a: Rocky Balboa|61/100|[from] item: Leftovers
|-damage|p1a: Kingambit|6/100 brn|[from] brn
|upkeep
|turn|14
|
|t:|1779668307
|move|p1a: Kingambit|Protect|p1a: Kingambit
|-singleturn|p1a: Kingambit|Protect
|move|p2b: Dr Flame|Brave Bird|p1a: Kingambit
|-activate|p1a: Kingambit|move: Protect
|move|p2a: Rocky Balboa|Rage Fist|p1b: Clefable
|-damage|p1b: Clefable|16/100 par
|cant|p1b: Clefable|par
|
|-heal|p2a: Rocky Balboa|67/100|[from] item: Leftovers
|-heal|p1b: Clefable|22/100 par|[from] item: Leftovers
|-damage|p1a: Kingambit|0 fnt|[from] brn
|faint|p1a: Kingambit
|-end|p1b: Clefable|move: Taunt
|upkeep
|turn|15
|
|t:|1779668330
|move|p2b: Dr Flame|Brave Bird|p1b: Clefable
|-damage|p1b: Clefable|0 fnt
|faint|p1b: Clefable
|-damage|p2b: Dr Flame|17/100|[from] Recoil
|
|win|TheLegendLemarcus
