|j|Ōśåsunshineglade
|j|Ōśåswoobatfan2001
|html|<table width="100%"><tr><td align="left">sunshineglade</td><td align="right">swoobatfan2001</tr><tr><td align="left"><i class="fa fa-circle-o"></i> <i class="fa fa-circle-o"></i> </td><td align="right"><i class="fa fa-circle-o"></i> <i class="fa fa-circle-o"></i> </tr></table>
|uhtml|bestof|<h2><strong>Game 1</strong> of <a href="/game-bestof3-gen9vgc2025regh-307724">a best-of-3</a></h2>
|t:|1778715444
|gametype|doubles
|player|p1|sunshineglade|anabel|
|player|p2|swoobatfan2001|richboy|
|gen|9
|tier|[Gen 9] VGC 2025 Reg H
|rule|Species Clause: Limit one of each Pok├®mon
|rule|Item Clause: Limit 1 of each item
|raw|<div class="infobox"><details class="readmore" open><summary><strong>1 custom rule:</strong></summary> Best of = 3</details></div>
|clearpoke
|poke|p1|Ursaluna-Bloodmoon, L50, M|
|poke|p1|Typhlosion-Hisui, L50, F|
|poke|p1|Glimmora, L50, F|
|poke|p1|Lilligant, L50, F|
|poke|p1|Sneasler, L50, F|
|poke|p1|Gholdengo, L50|
|poke|p2|Gurdurr, L50, F|
|poke|p2|Incineroar, L50, M|
|poke|p2|Ursaluna, L50, M|
|poke|p2|Grumpig, L50, F|
|poke|p2|Indeedee, L50, M|
|poke|p2|Farigiraf, L50, F|
|teampreview|4
swoobatfan2001 rejected open team sheets.
|j| Fell Kookie
|c| Fell Kookie|It is super serious locked in gaming time
|c|Ōśåsunshineglade|tera types
|j| AegisDraft
|c| AegisDraft|U got this
|c| AegisDraft|Uhhh
|c| AegisDraft|One of you
|c|Ōśåsunshineglade|me!!
|c| AegisDraft|I'm rootin for ya
|c| Fell Kookie|I will sit back and observe
|c|Ōśåsunshineglade|thank youu
|c|Ōśåswoobatfan2001|woooooooooooooooooooooooooow
|c|Ōśåswoobatfan2001|oh yeah
|c| Fell Kookie|Woooobat
|c| AegisDraft|The fact he didn't even draft Swoobat is immeasurably disappointing
|c| AegisDraft|SMH my head
|c|Ōśåsunshineglade|fake ass fan
|c|Ōśåsunshineglade|i brought my fav
|c| AegisDraft|Tru
|c|Ōśåswoobatfan2001|meesa go peesa
|c|Ōśåsunshineglade|ARE YOU SERIOUS
|c|Ōśåswoobatfan2001|NOT IN THE GAME BTW
|c| Fell Kookie|Sunny youre literally replying on twitter rn ur no better
|c|Ōśåsunshineglade|i have my team queued up
|c|Ōśåsunshineglade|i'm allowed to
|c|Ōśåsunshineglade|HURRY UP :bottlethrow:
|c| Fell Kookie|:sunnydog:
|c|Ōśåsunshineglade|useless pancake go and get me another beer
|c| Fell Kookie|This man can pee
|c| Fell Kookie|God damn
|c|Ōśåswoobatfan2001|meesa peed
|c|Ōśåsunshineglade|@s____0100 kill him
|c|Ōśåsunshineglade|he's intimidated
|c| Fell Kookie|Crickets sound effect
|c|Ōśåswoobatfan2001|mannnnnnn
|c| Fell Kookie|Sunny do you really have intimidate i have to know
|c|Ōśåsunshineglade|emma's watching btw
|c| Fell Kookie|Are you hitmontop
|c|Ōśåsunshineglade|hitmontop has intimidate??
|c| Fell Kookie|THATS WHAT IM SAYING
|c|Ōśåsunshineglade|why :sob:
|
|t:|1778715911
|teamsize|p1|4
|teamsize|p2|4
|start
|switch|p1a: Poison Strike|Glimmora, L50, F|100/100
|switch|p1b: Garon|Ursaluna-Bloodmoon, L50, M|100/100
|switch|p2a: Intim Merchant|Incineroar, L50, M|100/100
|switch|p2b: Railgun Giraffe|Farigiraf, L50, F|100/100
|-ability|p2a: Intim Merchant|Intimidate|boost
|-unboost|p1a: Poison Strike|atk|1
|-unboost|p1b: Garon|atk|1
|turn|1
|c| Fell Kookie|No more candy nicknames rip
|
|t:|1778715944
|-terastallize|p1b: Garon|Normal
|move|p1a: Poison Strike|Spiky Shield|p1a: Poison Strike
|-singleturn|p1a: Poison Strike|move: Protect
|move|p2a: Intim Merchant|Fake Out|p1b: Garon
|-damage|p1b: Garon|90/100
|cant|p1b: Garon|flinch
|move|p2b: Railgun Giraffe|Trick Room|p2b: Railgun Giraffe
|-fieldstart|move: Trick Room|[of] p2b: Railgun Giraffe
|
|upkeep
|turn|2
|c|Ōśåsunshineglade|i got bored
|c|Ōśåsunshineglade|now they're fates skills
|c| Fell Kookie|It was a good theme i like themes...
|c|Ōśåsunshineglade|suicice
|
|t:|1778715975
|switch|p2a: Catalyst|Indeedee, L50, M|100/100
|-fieldstart|move: Psychic Terrain|[from] ability: Psychic Surge|[of] p2a: Catalyst
|move|p2b: Railgun Giraffe|Expanding Force|p1a: Poison Strike|[spread] p1a,p1b
|-supereffective|p1a: Poison Strike
|-damage|p1a: Poison Strike|0 fnt
|-damage|p1b: Garon|0 fnt
|faint|p1a: Poison Strike
|faint|p1b: Garon
|-damage|p2b: Railgun Giraffe|91/100|[from] item: Life Orb
|
|upkeep
|
|t:|1778715986
|switch|p1b: Profiteer|Gholdengo, L50|100/100
|switch|p1a: Pyrotechnics|Typhlosion-Hisui, L50, F|100/100
|turn|3
|c|Ōśåswoobatfan2001|duuuuuude
|c| Fell Kookie|Wait garon isnt a skill
|c|Ōśåsunshineglade|i couldn't think of one
|c|Ōśåsunshineglade|bloodmoon kind of looks like a wolfskin though
|c|Ōśåsunshineglade|i was in a rush
|
|t:|1778716079
|move|p2b: Railgun Giraffe|Protect|p2b: Railgun Giraffe
|-singleturn|p2b: Railgun Giraffe|Protect
|move|p1b: Profiteer|Make It Rain|p2b: Railgun Giraffe|[spread] p2a
|-activate|p2b: Railgun Giraffe|move: Protect
|-enditem|p2a: Catalyst|Focus Sash
|-damage|p2a: Catalyst|1/100
|-unboost|p1b: Profiteer|spa|1
|move|p2a: Catalyst|Shadow Ball|p1b: Profiteer
|-supereffective|p1b: Profiteer
|-damage|p1b: Profiteer|42/100
|move|p1a: Pyrotechnics|Heat Wave|p2b: Railgun Giraffe|[spread] p2a
|-activate|p2b: Railgun Giraffe|move: Protect
|-damage|p2a: Catalyst|0 fnt
|faint|p2a: Catalyst
|
|upkeep
|
|t:|1778716098
|switch|p2a: Cocaine Bear|Ursaluna, L50, M|100/100
|turn|4
|
|t:|1778716139
|switch|p2b: Intim Merchant|Incineroar, L50, M|100/100
|-ability|p2b: Intim Merchant|Intimidate|boost
|-unboost|p1a: Pyrotechnics|atk|1
|-unboost|p1b: Profiteer|atk|1
|move|p2a: Cocaine Bear|Earthquake|p1a: Pyrotechnics|[spread] p2b,p1a,p1b
|-supereffective|p2b: Intim Merchant
|-supereffective|p1a: Pyrotechnics
|-supereffective|p1b: Profiteer
|-damage|p2b: Intim Merchant|13/100
|-damage|p1a: Pyrotechnics|0 fnt
|-damage|p1b: Profiteer|0 fnt
|faint|p1a: Pyrotechnics
|faint|p1b: Profiteer
|
|win|swoobatfan2001
||sunshineglade is ready for game 2.
|inactive|swoobatfan2001 has 30 seconds to confirm battle start!
||swoobatfan2001 is ready for game 2.
|uhtml|next|Next: <a href="/battle-gen9vgc2025regh-307726"><strong>Game 2 of 3</strong></a>
